@article{vanDerMaaten2009,
  title={Dimensionality reduction: a comparative review},
  author={Van der Maaten, Laurens and Postma, Eric and Van den Herik, Jaap},
  journal={Journal of Machine Learning Research},
  volume={10},
  number={Nov},
  pages={66--71},
  year={2009}
}

@article{Tenenbaum2000,
  title={A global geometric framework for nonlinear dimensionality reduction},
  author={Tenenbaum, Joshua B and De Silva, Vin and Langford, John C},
  journal={Science},
  volume={290},
  number={5500},
  pages={2319--2323},
  year={2000}
}

@article{Roweis2000,
  title={Nonlinear dimensionality reduction by locally linear embedding},
  author={Roweis, Sam T and Saul, Lawrence K},
  journal={Science},
  volume={290},
  number={5500},
  pages={2323--2326},
  year={2000}
}

@article{Zhang2004,
  title={Principal manifolds and nonlinear dimensionality reduction via tangent space alignment},
  author={Zhang, Zhenyue and Zha, Hongyuan},
  journal={SIAM journal on scientific computing},
  volume={26},
  number={1},
  pages={313--338},
  year={2004}
}

@inproceedings{Zhang2007,
  title={MLLE: Modified locally linear embedding using multiple weights},
  author={Zhang, Zhenyue and Wang, Jing},
  booktitle={Advances in neural information processing systems},
  volume={19},
  year={2007}
}

@article{Donoho2003,
  title={Hessian eigenmaps: Locally linear embedding techniques for high-dimensional data},
  author={Donoho, David L and Grimes, Carrie},
  journal={Proceedings of the National Academy of Sciences},
  volume={100},
  number={10},
  pages={5591--5596},
  year={2003}
}

@article{Belkin2003,
  title={Laplacian eigenmaps for dimensionality reduction and data representation},
  author={Belkin, Mikhail and Niyogi, Partha},
  journal={Neural computation},
  volume={15},
  number={6},
  pages={1373--1396},
  year={2003}
}

@article{vanDerMaaten2008,
  title={Visualizing data using t-SNE},
  author={Van der Maaten, Laurens and Hinton, Geoffrey},
  journal={Journal of machine learning research},
  volume={9},
  number={11},
  year={2008}
}

@inproceedings{Venna2001,
  title={Neighborhood preservation in nonlinear projection methods: An experimental study},
  author={Venna, Jarkko and Kaski, Samuel},
  booktitle={International Conference on Artificial Neural Networks},
  pages={485--491},
  year={2001},
  publisher={Springer},
  address={Berlin, Heidelberg}
}

@article{scikit-learn,
  title={Scikit-learn: Machine learning in Python},
  author={Pedregosa, Fabian and Varoquaux, Ga{\"e}l and Gramfort, Alexandre and Michel, Vincent and Thirion, Bertrand and Grisel, Olivier and others},
  journal={Journal of machine learning research},
  volume={12},
  number={Oct},
  pages={2825--2830},
  year={2011}
}

@article{Young1941_MDS,
  title={Discussion of a set of points in terms of their mutual distances},
  author={Young, Gale and Householder, Alston S},
  journal={Psychometrika},
  volume={6},
  number={3},
  pages={19--22},
  year={1941}
}

@article{Hotelling1933,
  title={Analysis of a complex of statistical variables into principal components},
  author={Hotelling, Harold},
  journal={Journal of educational psychology},
  volume={24},
  number={6},
  pages={417},
  year={1933}
}

@techreport{CSIC5011_RefReport,
  title={CSIC 5011 Final Project: Order the Faces via Manifold Learning},
  author={Liu, D. and Wang, M. and Han, X.},
  institution={HKUST},
  type={Course Project Report},
  note={unpublished},
  year={2023}
} 